@misc{ecos3,
    title = {Ethics Procedures for the Master SNE},
    publisher = {Master Security and Network Engineering, University of Amsterdam},
    url = {https://www.os3.nl/info/ethics},
}

@inproceedings{privsyn,
  title={$\{$PrivSyn$\}$: Differentially Private Data Synthesis},
  author={Zhang, Zhikun and Wang, Tianhao and Li, Ninghui and Honorio, Jean and Backes, Michael and He, Shibo and Chen, Jiming and Zhang, Yang},
  booktitle={30th USENIX Security Symposium (USENIX Security 21)},
  pages={929--946},
  year={2021}
}

@misc{dpuitleg,
    author = {Joseph Near and David Darais},
    title = {Differentially Private Synthetic Data},
    publisher = {NIST},
    url = {https://www.nist.gov/blogs/cybersecurity-insights/differentially-private-synthetic-data},
    year = {2021}
}

@inproceedings{originalpaper,
  title={Feature Selection on Anonymized Datasets},
  author={Alishahi, Mina and Moghtadaiee, Vahideh},
  booktitle={2023 IEEE Intl Conf on Dependable, Autonomic and Secure Computing, Intl Conf on Pervasive Intelligence and Computing, Intl Conf on Cloud and Big Data Computing, Intl Conf on Cyber Science and Technology Congress (DASC/PiCom/CBDCom/CyberSciTech)},
  pages={0852--0859},
  year={2023},
  organization={IEEE}
}

@misc{datasetsrepo,
    title = {UCI Machine Learning Repository},
    publisher = {UC Irvine},
    url = {https://archive.ics.uci.edu/ml/datasets/},
}

@article{featureselectionzhang,
  title={Feature selection for classification under anonymity constraint},
  author={Zhang, Baichuan and Mohammed, Noman and Dave, Vachik and Hasan, Mohammad Al},
  journal={arXiv preprint arXiv:1512.07158},
  year={2015}
}

@misc{nist2018,
    title = {2018 Differential Privacy Synthetic Data Challenge},
    publisher = {NIST},
    url = {https://www.nist.gov/ctl/pscr/open-innovation-prize-challenges/past-prize-challenges/2018-differential-privacy-synthetic},
    year = {2018}
}

@misc{dpparams,
    title = {Differential Privacy Definition},
    publisher = {Medium},
    author = {Shaistha Fathima},
    url = {https://medium.com/@shaistha24/differential-privacy-definition-bbd638106242},
    year = {2020}
}

@misc{crossvalidation,
    title = {A Gentle Introduction to k-fold Cross-Validation},
    publisher = {Machine Learning Mastery},
    author = {Jason Brownlee},
    url = {https://machinelearningmastery.com/k-fold-cross-validation/},
    year = {2023}
}